<?xml version="1.0" encoding="UTF-8"?><collection xmlns="http://www.loc.gov/MARC21/slim"><record><leader>00359nam--2200133-i-4500</leader><controlfield tag="001">000024973</controlfield><controlfield tag="002">20161230</controlfield><controlfield tag="005">20161230201035</controlfield><controlfield tag="008">060222s1000------------r-----000-0-eng-d</controlfield><datafield ind1=" " ind2=" " tag="080"><subfield code="a">523.72:62O.92:621.472</subfield></datafield><datafield ind1=" " ind2=" " tag="245"><subfield code="a">Bazele fizice ale conversiei energiei solare</subfield></datafield><datafield ind1=" " ind2=" " tag="260"><subfield code="a">Timisoara, Editura Facla, 1982 272 P</subfield></datafield><datafield ind1=" " ind2=" " tag="700"><subfield code="a">De Sabata, C. /S.A.</subfield></datafield><datafield ind1=" " ind2=" " tag="852"><subfield code="a">70332</subfield></datafield></record></collection>